Month,Sales
2022-01,106988.8065
2022-02,81328.9602
2022-03,90567.3366
2022-04,90439.8439
2022-05,96035.254
2022-06,84585.923
2022-07,101282.7893
2022-08,79038.38
2022-09,99288.6481
2022-10,99397.7617
2022-11,101186.3419
2022-12,125875.802
2023-01,108969.0316
2023-02,87173.963
2023-03,85361.3314
2023-04,87235.5728
2023-05,91001.185
2023-06,70787.951
2023-07,96074.0888
2023-08,112587.28940000001
2023-09,80774.0196
2023-10,104413.2154
2023-11,106464.9787
2023-12,110342.3864
